  % Encoding: UTF-8


@Misc{ZakirWustrow,
  Title                    = {{ZMap}: {F}ast {I}nternet-Wide Scanning and its Security Applications},
  Author                   = {Zakir Durumeric and Eric Wustrow and J. Alex Halderman},
  HowPublished             = {Proceedings of the 22nd {USENIX} Security Symposium},
  Month                    = {aug},
  Year                     = {2013}
}

@Conference{Robert,
  Title                    = {Mass Scanning the Internet Tips, tricks, results.},
  Author                   = {Robert Graham and Paul Mcmillan and Dan Tencler},
  Booktitle                = {Defcon},
  Year                     = {2014},
  Editor                   = {Defcon.org},
  Number                   = {22},
  Volume                   = {22}
}

@Misc{Jason,
  Title                    = {Cyber Exercise Playbook},
  Author                   = {Jason Kick},
  HowPublished             = {Mitre Corporation},
  Month                    = {November},
  Year                     = {2014}
}

@Conference{Eireann,
  Title                    = {Vulnerability Inheritance in Programmable Logic Controllers},
  Author                   = {Eireann Leverett and Reid Wightman},
  Booktitle                = {Grehack, ICS Security},
  Year                     = {2013},
  Editor                   = {GreHack 2013, Grenoble, France}
}

@Manual{Protecting,
  Title                    = {Protecting industrial control systems: Annex V},
  Author                   = {European Network and Information Security Agency},
  Month                    = jun,
  Year                     = {2011}
}

@Book{Aquilino,
  Title                    = {Sistemas Scada 2da Edici√≥n},
  Author                   = {Aquilino Rodriguez Penin},
  Editor                   = {Marcocombo, Ediciones Tecnicas.},
  Publisher                = {Alfaomega},
  Year                     = {2007}
}

@Unpublished{Dale,
  Title                    = {Using the Nessus Vulnerability Scanner on Control Systems},
  Author                   = {Dale Peterson},
  Note                     = {-},
  Month                    = nov,
  Year                     = {2006}
}

@Article{TrendMicro,
  Title                    = {The SCADA That Didn't Cry Wolf: Who's Really Attacking Your ICS Equipment? (Part 2)},
  Author                   = {TrendMicro ICS Researchers},
  Journal                  = {Trend Micro Incorporated},
  Year                     = {2014}
}

@Book{Vanessa,
  Title                    = {History of Control History of PLC and DCS},
  Author                   = {Vanessa Romero Segovia and Alfred Theorin},
  Editor                   = {Avon},
  Publisher                = {Avon},
  Year                     = {2013}
}