@Article{Einstein,
  author =       "Albert Einstein",
  title =        "{Zur Elektrodynamik bewegter K{\"o}rper}. ({German})
                 [{On} the electrodynamics of moving bodies]",
  journal =      "Annalen der Physik",
  volume =       "322",
  number =       "10",
  pages =        "891--921",
  year =         "1905",
  DOI =          "http://dx.doi.org/10.1002/andp.19053221004"
} 

@book{Freud,
    author = "Freud, Sigmund",
    title = "The interpretation of dreams",
    publisher = "Avon",
    year = "1900",
    note = "1965 ed.",
}
@book{Segovia-Theorin,
    author = "Vanessa Romero Segovia, Alfred Theorin",
    title = "History of Control,History of PLC and DCS",
    publisher = "Lunds Universitet",
    year = "2012",
    note = "2012 ago, 2 ed.",
}


@book{Freud,
    author = "Freud, Sigmund",
    title = "The interpretation of dreams",
    publisher = "Avon",
    year = "1900",
    note = "1965 ed.",
}